@book{textbook,
	title = {Introduction to Partial Differential Equations},
	publisher = {Springer},
	author = {Peter Olver},
	year = {May 2016}
}

