@book{textbook,
	title = {Introduction to Partial Differential Equations},
	publisher = {Springer},
	author = {Peter Olver},
	year = {May 2016}
}

@article{notes,
	title = {MATH4210 Notes: Black-Scholes Equations},
	author = {Raymond Chan},
	year = {29 Nov 2020},
	eprint = {https://www.math.cuhk.edu.hk/~rchan/teaching/math4210/chap08.pdf}
}

@article{brilliant,
title = {Black-Scholes-Merton},
author = {Brilliant.org},
year = {29 Nov 2020},
eprint = {https://brilliant.org/wiki/black-scholes-merton/}
}

